<?xml version="1.0" encoding="UTF-8"?><collection xmlns="http://www.loc.gov/MARC21/slim"><record><leader>00574nam--2200181-i-4500</leader><controlfield tag="001">000005048</controlfield><controlfield tag="002">20161230</controlfield><controlfield tag="005">20170119140130</controlfield><controlfield tag="008">060222s1000------------r-----000-0-eng-d</controlfield><datafield ind1=" " ind2=" " tag="040"><subfield code="a">IFIN-HH</subfield></datafield><datafield ind1="1" ind2=" " tag="100"><subfield code="a">Andronow, A.A</subfield></datafield><datafield ind1="1" ind2="0" tag="245"><subfield code="a">Theory of Oscillations</subfield><subfield code="b">Edited under the direction of Solomon Lefschets</subfield><subfield code="c">A.A Andronow, C.E. Chaikin</subfield></datafield><datafield ind1=" " ind2=" " tag="250"><subfield code="a">English Language Edition. Second Printing 1953</subfield></datafield><datafield ind1=" " ind2=" " tag="260"><subfield code="a">Princeton, New Jersey</subfield><subfield code="b">Princeton University Press</subfield><subfield code="c">1949</subfield></datafield><datafield ind1=" " ind2=" " tag="300"><subfield code="a">ix+ 358 p</subfield></datafield><datafield ind1="1" ind2=" " tag="700"><subfield code="a">Chaikin, C.E</subfield></datafield><datafield ind1=" " ind2=" " tag="852"><subfield code="a">15411</subfield><subfield code="c">534</subfield></datafield><datafield ind1=" " ind2=" " tag="CAT"><subfield code="a">SYS</subfield><subfield code="c">20170119</subfield><subfield code="h">140130</subfield></datafield></record></collection>